% Encoding: UTF-8

@InProceedings{GeMeScSe2018,
  author    = {Cody Geary and Pierre-\'Etienne Meunier and Nicolas Schabanel and Shinonsuke Seki},
  title     = {Proving the {T}uring Universality of Oritatami Cotranscriptional Folding},
  booktitle = {Proc. ISAAC 2018},
  year      = {2018},
  note      = {In press},
}

@InProceedings{counter2016,
  author    = {Cody Geary and Pierre-\'Etienne Meunier and Nicolas Schabanel and Shinonsuke Seki},
  title     = {Programming Biomolecules that Fold Greedily during Transcription},
  booktitle = {Proc. MFCS 2016},
  year      = {2016},
  volume    = {58},
  series    = {LIPIcs},
  pages     = {43:1-43:14},
  owner     = {shinsek},
  timestamp = {2016.09.27},
}

@Comment{jabref-meta: databaseType:bibtex;}
